%Commented templates were obtained from "https://www.bibtex.com/format/templates/".
%
%@article{citekey,
%  title   = {},
%  author  = {},
%  journal = {},
%  year    = {},
%  volume  = {},
%  number  = {},
%  pages   = {},
%  month   = {},
%  note    = {},
%  annote  = {},
%  doi     = {} 
%}
%
%@book{citekey,
%  title     = {},
%  author    = {},
%  publisher = {},
%  year      = {},
%  volume    = {},
%  number    = {},
%  series    = {},
%  address   = {},
%  edition   = {},
%  month     = {},
%  note      = {},
%  annote    = {} 
%}
%
%@mastersthesis{citekey,
%  title   = {},
%  author  = {},
%  school  = {},
%  year    = {},
%  type    = {},
%  address = {},
%  month   = {},
%  note    = {},
%  annote  = {} 
%}
%
%@phdthesis{citekey,
%  title   = {},
%  author  = {},
%  school  = {},
%  year    = {},
%  type    = {},
%  address = {},
%  month   = {},
%  note    = {},
%  annote  = {} 
%}
%
%@misc{citekey,
%  title         = {},
%  author        = {},
%  year          = {},
%  eprint        = {},
%  archivePrefix = {},
%  primaryClass  = {}
%}

@book{crivei2004injective,
  title     = {Injective Modules Relative to Torsion Theories},
  author    = {Septimiu Crivei},
  publisher = {Editura Fundaţiei pentru Studii Europene},
  year      = {2004},
  volume    = {},
  number    = {},
  series    = {},
  address   = {Stf. Emanuel de Martone Nr. 1 400090 Cluj-Napoca, Romania},
  edition   = {},
  month     = {},
  note      = {},
  annote    = {},
  ISBN      = {973-8254-51-5}
}

@article{wei2013semitilting,
         author = {Wei, Jiaqun},
         year = {2013},
         month = {03},
         pages={871-893},
         title = {Semi-tilting complexes},
         volume = {194},
         journal = {Israel Journal of Mathematics},
         doi = {10.1007/s11856-012-0093-1}
}

@article{hügel2015silting,
         title = {Silting Modules},
         author = {Angeleri Hügel, Lidia and Marks, Frederik and Vitória, Jorge},
         journal = {International Mathematics Research Notices},
         volume = {2016},
         number = {4},
         pages = {1251-1284},
         year = {2015},
         month = {06},
         issn = {1073-7928},
         doi = {10.1093/imrn/rnv191},
}

@article{hügel2018characterisation,
         title = {A characterisation of $\tau$-tilting finite algebras},
         author = {Angeleri Hügel, Lidia and Marks, Frederik and Vitória, Jorge},
         journal = {Model Theory of Modules, Algebras and Categories},
         year = {2018}
}

@article{nakaoka2019extriangulated,
         title   = {Extriangulated Categories, Hovey Twin Cotorsion Pairs and Model Structures},
         author  = {Nakaoka, Hiroyuki and Palu, Yann},
         journal = {Cah. Topol. Géom. Différ. Catég.},
         volume  = {60},
         number  = {2},
         pages   = {117--193},
         year    = {2019},
         note    = {},
         doi     = {}
}

@misc{hügel2019silting,
  title         = {Silting and Flat Ring Epimorphisms},
  author        = {Angeleri Hügel, Lidia and Marks, Frederik and Stovicek, Jan and Takahashi, Ryo and Vitória, Jorge},
  year          = {2019},
  eprint        = {},
  archivePrefix = {},
  primaryClass  = {}
}

@misc{liu2020hereditary,
      title={Hereditary cotorsion pairs on extriangulated subcategories}, 
      author={Yu Liu and Panyue Zhou},
      year={2020},
      eprint={2012.06997},
      archivePrefix={arXiv},
      primaryClass={math.RT}
}

@misc{nakaoka2021localization,\n      title={Localization of extriangulated categories}, \n      author={Hiroyuki Nakaoka and Yasuaki Ogawa and Arashi Sakai},\n      year={2021},\n      eprint={2103.16907},\n      archivePrefix={arXiv},\n      primaryClass={math.CT}\n}

@misc{adachi2021hereditary,
      title={Hereditary cotorsion pairs and silting subcategories in extriangulated categories}, 
      author={Takahide Adachi and Mayu Tsukamoto},
      year={2021},
      eprint={2108.07773},
      archivePrefix={arXiv},
      primaryClass={math.RT}
}

@misc{gorsky2023hereditary,
      title={Hereditary extriangulated categories: Silting objects, mutation, negative extensions}, 
      author={Mikhail Gorsky and Hiroyuki Nakaoka and Yann Palu},
      year={2023},
      eprint={2303.07134},
      archivePrefix={arXiv},
      primaryClass={math.RT}
}

@article{pauksztello2023cotstructures, title={Co-t-structures, cotilting and cotorsion pairs}, volume={175}, DOI={10.1017/S030500412300004X}, number={1}, journal={Mathematical Proceedings of the Cambridge Philosophical Society}, author={Pauksztello, David and Zvonareva, Alexandra}, year={2023}, pages={89–106}}

@misc{garcia2023thick,
      title={On thick subcategories of the category of projective presentations}, 
      author={Mónica García},
      year={2023},
      eprint={2303.05226},
      archivePrefix={arXiv},
      primaryClass={math.RT}
}
